@Article{Spathelf2022,
  author  = {Christian Spathelf},
  journal = {Betonbau - Ausgewählte Kapitel Hochschule Technik & Architektur Luzern},
  title   = {Skript Teil 2: Gebrauchstauglichkeit},
  year    = {2022},
}

@Article{Spathelf2022a,
  author  = {Christian Spathelf},
  journal = {Betonbau - Ausgewählte Kapitel Hochschule Technik & Architektur Luzern},
  title   = {Skript Teil 2: Ermüdung von Betonbauten},
  year    = {2022},
}

@Misc{Marti1999,
  author    = {Marti, Peter and Alvarez, Manuel and Kaufmann, Walter and Sigrist, Viktor},
  title     = {Tragverhalten von Stahlbeton. Fortbildungskurs für Bauingenieure, ETH Zürich, 30.9./1.10.1999},
  year      = {1999},
  address   = {Zürich},
  booktitle = {Tragverhalten von Stahlbeton},
  copyright = {In Copyright - Non-Commercial Use Permitted},
  doi       = {10.3929/ethz-a-004470343},
  journal   = {IBK Publikation SP},
  keywords  = {STAHLBETONKONSTRUKTIONEN + STAHLBETONBAUTEN (BAUKONSTRUKTIONSTEILE); DIMENSIONING/LOAD-BEARING STRUCTURES AND STRUCTURAL MEMBERS (STRUCTURAL ANALYSIS); REINFORCED CONCRETE STRUCTURES (STRUCTURAL ELEMENTS); TRAGWERKSBEMESSUNG (BAUSTATIK)},
  language  = {de},
  publisher = {Institut für Baustatik und Konstruktion, ETH Zürich-Hönggerberg},
  size      = {301 S.},
  type      = {Educational Material},
  volume    = {8},
}

@PhdThesis{KenelLuethold2002,
  author    = {Kenel Lüthold, Albin},
  school    = {ETH Zurich},
  title     = {Biegetragverhalten und Mindestbewehrung von Stahlbetonbauteilen},
  year      = {2002},
  address   = {Zürich},
  note      = {Diss., Technische Wissenschaften ETH Zürich, Nr. 14874, 2003.},
  type      = {Doctoral Thesis},
  copyright = {In Copyright - Non-Commercial Use Permitted},
  doi       = {10.3929/ethz-a-004470989},
  keywords  = {BALKEN + TRÄGER (BAUSTATIK); FORMÄNDERUNG DURCH BIEGUNG (ELASTOMECHANIK); BETONKONSTRUKTIONEN (BAUKONSTRUKTIONSTEILE); RISSE (BAUSTOFFE); BEWEHRUNG IN BETONKONSTRUKTIONEN (BAUKONSTRUKTIONSTEILE); BEAMS (STRUCTURAL ANALYSIS); DEFORMATION BY BENDING (ELASTOMECHANIK); CONCRETE STRUCTURES (STRUCTURAL ELEMENTS); CRACKS (BUILDING MATERIALS); REINFORCEMENT OF CONCRETE STRUCTURES (STRUCTURAL ELEMENTS)},
  language  = {de},
  publisher = {s.n.},
  size      = {115 S.},
}

@PhdThesis{Heinzmann2012,
  author    = {Heinzmann, Daniel},
  school    = {ETH Zurich},
  title     = {Stringer-Tafelmodelle für Stahlbeton},
  year      = {2012},
  address   = {Zürich},
  type      = {Doctoral Thesis},
  copyright = {In Copyright - Non-Commercial Use Permitted},
  doi       = {10.3929/ethz-a-007344037},
  keywords  = {PLATES + SLABS (STRUCTURAL ANALYSIS); STAHLBETONKONSTRUKTIONEN + STAHLBETONBAUTEN (BAUKONSTRUKTIONSTEILE); TRAGWERKSBEMESSUNG (BAUSTATIK); REINFORCED CONCRETE STRUCTURES (STRUCTURAL ELEMENTS); DIMENSIONING/LOAD-BEARING STRUCTURES AND STRUCTURAL MEMBERS (STRUCTURAL ANALYSIS); DEEP BEAMS + LOAD BEARING WALLS + DISKS (STRUCTURAL ANALYSIS); SCHEIBEN + TRAGWÄNDE + SCHEIBENTRAGWERKE (BAUSTATIK); STRUCTURAL MODELS (STRUCTURAL ANALYSIS); BAUSTATISCHE MODELLE (BAUSTATIK); PLATTEN (BAUSTATIK)},
  language  = {de},
  publisher = {ETH},
  size      = {187 S.},
}

@Comment{jabref-meta: databaseType:bibtex;}
